@incollection{a,
  author = {B. Shakya and M. Tehranipoor and S. Bhunia and D. Forte},
  title = {Introduction to hardware obfuscation: Motivation, methods and evaluation},
  booktitle = {Hardware Protection through Obfuscation},
  publisher = {Springer},
  year = {2017},
  pages = {3--32}
}

@incollection{b,
  author = {Working Group for Design IP Encryption and Rights Management},
  title = {Recommended Practice for Encryption and Management of Electronic Design Intellectual Property (IP)},
  booktitle = {IEEE Std 1735-2014},
  year = {2015}
}

@inproceedings{Alkabani2007,
  author = {Y. Alkabani and F. Koushanfar},
  title = {Active Hardware Metering for Intellectual Property Protection and Security},
  booktitle = {USENIX Security Symposium},
  year = {2007}
}

@misc{Kamali2022,
  author = {H. M. Kamali and K. Z. Azar and F. Farahmandi and M. Tehranipoor},
  title = {Advances in logic locking: Past, present, and prospects},
  year = {2022},
  note = {Cryptology ePrint Archive}
}

@misc{Anandakumar2022,
  author = {N. N. Anandakumar and others},
  title = {Rethinking watermark: Providing proof of IP ownership in modern SoCs},
  year = {2022},
  note = {IACR Cryptol. ePrint Arch.}
}

@incollection{Chang2016,
  author = {C.-H. Chang and others},
  title = {Hardware IP watermarking and fingerprinting},
  booktitle = {Secure System Design and Trustable Computing},
  publisher = {Springer},
  year = {2016}
}

@inproceedings{Das2022,
  author = {U. Das and M. R. Muttaki and M. M. Tehranipoor and F. Farahmandi},
  title = {Adwil: A zero-overhead analog device watermarking using inherent IP features},
  booktitle = {2022 IEEE International Test Conference (ITC)},
  year = {2022}
}

@inproceedings{Mehta2022,
  author = {D. Mehta and N. Mondol and F. Farahmandi and M. Tehranipoor},
  title = {AIME: Watermarking AI models by leveraging errors},
  booktitle = {2022 Design, Automation Test in Europe Conference Exhibition (DATE)},
  year = {2022}
}

@inproceedings{Kibria2022,
  author = {R. Kibria and N. Farzana and F. Farahmandi and M. Tehranipoor},
  title = {FSMX: Finite state machine extraction from flattened netlist with application to security},
  booktitle = {2022 IEEE 40th VLSI Test Symposium (VTS)},
  year = {2022}
}

@inproceedings{Ziener2006,
  author = {D. Ziener and J. Teich},
  title = {FPGA core watermarking based on power signature analysis},
  booktitle = {2006 IEEE International Conference on Field Programmable Technology},
  year = {2006}
}

@inproceedings{Kibria2022_RTL,
  author = {R. Kibria and M. Sazadur Rahman and F. Farahmandi and M. Tehranipoor},
  title = {RTL-FSMX: Fast and accurate finite state machine extraction at the RTL for security applications},
  booktitle = {2022 IEEE International Test Conference (ITC)},
  year = {2022}
}

@book{Tehranipoor2011,
  author = {M. Tehranipoor and C. Wang},
  title = {Introduction to hardware security and trust},
  publisher = {Springer Science \& Business Media},
  year = {2011}
}

@article{Kahng2001,
  author = {A. B. Kahng and others},
  title = {Constraint-based watermarking techniques for design IP protection},
  journal = {IEEE Transactions on Computer-Aided Design of Integrated Circuits and Systems},
  year = {2001}
}

@inproceedings{Hong1998,
  author = {I. Hong and M. Potkonjak},
  title = {Techniques for intellectual property protection of DSP designs},
  booktitle = {Proceedings of the 1998 IEEE International Conference on Acoustics, Speech and Signal Processing, ICASSP’98 (Cat. No. 98CH36181)},
  publisher = {IEEE},
  year = {1998}
}

@article{Chapman2000,
  author = {R. Chapman and T. Durrani},
  title = {IP protection of DSP algorithms for system on chip implementation},
  journal = {IEEE Transactions on Signal Processing},
  year = {2000}
}

@inproceedings{Rashid1999,
  author = {A. Rashid and others},
  title = {Hierarchical watermarking for protection of DSP filter cores},
  booktitle = {Proceedings of the IEEE 1999 Custom Integrated Circuits Conference (Cat. No.99CH36327)},
  year = {1999}
}

@article{Oliveira2001,
  author = {A. Oliveira},
  title = {Techniques for the creation of digital watermarks in sequential circuit designs},
  journal = {IEEE Transactions on Computer-Aided Design of Integrated Circuits and Systems},
  year = {2001}
}

@inproceedings{Lewandowski2012,
  author = {M. Lewandowski and others},
  title = {A novel method for watermarking sequential circuits},
  booktitle = {2012 IEEE International Symposium on Hardware-Oriented Security and Trust},
  year = {2012}
}

@article{Torunoglu2000,
  author = {I. Torunoglu and E. Charbon},
  title = {Watermarking-based copyright protection of sequential functions},
  journal = {IEEE Journal of Solid-State Circuits},
  year = {2000}
}

@inproceedings{Abdel-Hamid2006,
  author = {A. Abdel-Hamid and others},
  title = {Finite State Machine IP Watermarking: A Tutorial},
  booktitle = {First NASA/ESA Conference on Adaptive Hardware and Systems (AHS’06)},
  year = {2006}
}

@article{Cui2011,
  author = {A. Cui and others},
  title = {A Robust FSM Watermarking Scheme for IP Protection of Sequential Circuit Design},
  journal = {IEEE Transactions on Computer-Aided Design of Integrated Circuits and Systems},
  year = {2011}
}

@article{Cui2015,
  author = {A. Cui and others},
  title = {Dynamic Watermarking on Scan Design for Hard IP Protection},
  journal = {IEEE Transactions on Information Forensics and Security},
  year = {2015}
}

@inproceedings{Marchand2014,   
  author = {C. Marchand and others},
  title = {IP watermark verification based on power consumption analysis},
  booktitle = {2014 27th IEEE International System-on-Chip Conference (SOCC)},
  year = {2014}
}

@misc{Hashemi2022,
  author = {M. Hashemi and others},
  title = {Garbled EDA: Privacy Preserving Electronic Design Automation},
  year = {2022},
  note = {Available: https://arxiv.org/abs/2208.03822}
}

@misc{RISC-V2024,
  title = {RISC-V Test SoC},
  year = {2024},
  note = {Available: https://github.com/ultraembedded/riscv_soc}
}

@misc{or1200_soc,
  title = {or1200 soc},
  note = {Available: https://opencores.org/projects/or1200_soc}
}

@misc{CVA62024,
  title = {CVA6 RISC-V CPU},
  year = {2024},
  note = {Available: https://github.com/openhwgroup/cva6}
}

@article{Yasin2020,
  author = {M. Yasin and others},
  title = {Removal attacks on logic locking and camouflaging techniques},
  journal = {IEEE Transactions on Emerging Topics in Computing},
  year = {2020}
}

@article{Karmakar2022,
  author = {R. Karmakar and others},
  title = {A Cellular Automata Guided Finite-State-Machine Watermarking Strategy for IP Protection of Sequential Circuits},
  journal = {IEEE Transactions on Emerging Topics in Computing},
  year = {2022}
}

@inproceedings{Harsh2008,
  author = {P. Harsh and R. Newman},
  title = {An Overlay Solution to IP Multicast Address Collision Prevention},
  booktitle = {Proceedings of the IASTED International Conference on Internet and Multimedia Systems and Applications, EuroIMSA '08},
  publisher = {ACTA Press},
  year = {2008},
  pages = {156--161}
}

@inproceedings{Iehira2018,
  author = {K. Iehira and others},
  title = {Spoofing attack using bus-off attacks against a specific ECU of the CAN bus},
  booktitle = {2018 15th IEEE Annual Consumer Communications \& Networking Conference (CCNC)},
  year = {2018}
}

@article{Bakken2004,
  author = {D. E. Bakken and others},
  title = {Data obfuscation: Anonymity and desensitization of usable data sets},
  journal = {IEEE Security \& Privacy},
  year = {2004}
}
